@book{MultivariateStat,
   title = {Aspects of multivariate statistical theory},
   author = {Muirhead, Robb John},
   series = {Wiley series in probability and mathematical statistics. Probability and mathematical statistics},
   publisher = {John Wiley \& Sons},
   address = {New York},
   url = {http://opac.inria.fr/record=b1079079},
   isbn = {0-471-09442-0},
   year = {1982}
}
